@book{Mogensen11,
    author      = {Torben Ã†gidius Mogensen},
    title       = {Introduction to Compiler Design},
    year        = {2011},
    publisher   = {Springer}
}
